@book{bosseur2005,
	title = { Du son au signe },
    subtitle = { histoire de la notation musicale },	
	author = { Bosseur, Jean-Yves },
    year = { 2005 },
    publisher = { Editions Alternatives }
}

@article{myers1989,
	title = {Taxonomies of Visual Programming and Program Visualization},
	author = {Myers, Brad A.},
	journal = { Journal of Visual Languages and Computing },
	pages = { 97--123 },
	year = {1989}
}

@article{agostini2013,
	title = {Real-Time Computer-Aided Composition with bach},
	author = {Andrea Agostini and Daniele Ghisi},
	journal = {Contemporary Music Review},
	pages = {41--48},
	year = {2013}
}

@article{agostini2017,
	title = {Extending bach: A Family of Libraries for Real-time Computer-assisted Composition in Max},
	author = {Daniele Ghisi and Andrea Agostini},
	journal = {Journal of New Music Research},
	pages = {34--53},
	year = {2017}
}

@article{wright2002,
	title = {Problems and Prospects for Intimate Musical Control of Computers},
	author = {Wessel, David and Wright, Matthew},	
	journal = {Computer Music Journal},
	year = {2002},
	pages = {11--22}
}

@article{bresson2009,
	title = {Visual Lisp/CLOS Programming in OpenMusic},
	author = {Bresson, Jean and Agon, Carlos and Assayag, Gérard},
	year = {2009},
	journal = {High order and symbolic computation},
	pages = {81--111}
}

@article{bresson2008,
 	author = {Bresson, Jean and Agon, Carlos},
 	title = {Scores, Programs, and Time Representation: The Sheet Object in Openmusic},
 	journal = {Comput. Music J.},
 	year = {2008},
 	pages = {31--47}
}

@article{battier2015, 
	title = { Describe, Transcribe, Notate: Prospects and problems facing electroacoustic music },  
	journal = { Organised Sound }, 
	author = { Battier, Marc }, 
	year = { 2015 }, 
	pages = { 60–-67 }
}

@article{arias2017,
	title = {Authoring and Automatic Verification of Interactive Multimedia Scores},	
	journal = {Journal Of New Music Research},
	author = {Arias, Jaime and Celerier, Jean-Michaël and Desainte-Catherine Myriam},	
	pages = {15--33},	
	year = {2017}
}

@article{sorensen2009,
	title = {Interacting with Generative Music through Live Coding},
	author = {Brown, Andrew R. and Sorensen, Andrew},		
	journal = {Contemporary Music Review},
	pages = {17--29},
	year = {2009}
}

@article{puckette1991,
  title = { Combining event and signal processing in the MAX graphical programming environment },
  author = { Puckette, Miller },
  journal = { Computer music journal },
  pages = { 68--77 },
  year = { 1991 }
}

@article{kuuskankare2006,
    Author = {Mika Kuuskankare and Mikael Laurson},
    Journal = {Computer Music Journal},
    Pages = {67--79},
    Title = {{Expressive Notation Package}},
    Year = {2006}}

@article{assayag1999,
    Author = {G\'erard Assayag and Camilo Rueda and Mikael Laurson and Carlos Agon and Olivier Delerue},
    Journal = {Computer Music Journal},
    Title = {{Computer Assisted Composition at IRCAM: From PatchWork to OpenMusic}},
    Pages = {59--72},
    Year = {1999}}

@online{gottfried2017,
	author = { Rama Gottfried },
	title = { Symbolic notation for digital performance: new tools for composition, production, and documentation },
	year = { 2017 },
	url = { https://medias.ircam.fr/x670ab0 }
}       

@online{juce2018,
	title = { JUCE Website },
	author = { JUCE },
	year = { 2018 },
	url = { https://juce.com/ }
}

@online{max2018,
	title = { Max 7 Documentation },
	author = { Cycling' 74 },
	year = { 2018 },
	url = { https://docs.cycling74.com/max7/ }
}

@online{maxApi2018,
	title = { Max API Documentation },
	author = { Cycling' 74 },
	year = { 2018 },
	url = { https://cycling74.com/sdk/max-sdk-7.3.3/html/index.html }
}

@online{scriptographer2018,
	title = { Scriptographer's website },
	author = { Jürg Lehni and Jonathan Puckey and Urs Lehni and Jonathan Hares },
	year = { 2018 },
	url = { https://scriptographer.org/ }
}

@online{svg2011,
	title = { Scalable Vector Graphics (SVG) 1.1 (Second Edition) },
	author = { W3C },
	year = { 2011 },
	url = { https://www.w3.org/TR/SVG/ }
}

@manual{lilypond2018,
	author = { GNU/Lilypond },
	title = { Lilypond },
	year = { 2018 },
	url = { http://lilypond.org }
}

@manual{noteAbility2018,
	author = { Keith Hamel },
	title = { NoteAbility Pro - Help Files },
	year = { 2018 },
	url = { http://debussy.music.ubc.ca/Helpfiles/OSX/Help/Default.html }
}

@manual{musixtex2016,
	title = {MusiXTeX},
	subtitle = {Using TEX to write polyphonic or instrumental music},
	year = {2016},
	url = {http://texdoc.net/texmf-dist/doc/generic/musixtex/musixdoc.pdf}
}

@manual{fober2017,
	title = {INScore OSC Messages Reference v.1.21},
	author = {Dominique Fober},
	year = {2017},
	url = {http://inscore.sourceforge.net/doc/OSCMsg.pdf}
}

@inproceedings{gottfried2018,
	Author = { Bresson, Jean and Gottfried, Rama },
	Title = { Symbolist : an open authoring environment for user-defined symbolic notation },
	Booktitle = { Proceedings of the Tenor Conference },
	Year = {2018}
}

@inproceedings{ellberger2015,
  	Author = { Emile Ellberger and Germán Toro-Perez and Johannes Schuett and Linda Cavaliero and Giorgio Zoia },
  	Title = {A Paradigm for Scoring Spatialization Notation},
  	Booktitle = {Proceedings of the First International Conference on Technologies for Music Notation and Representation - TENOR2015},
  	Year = {2015}}

@inproceedings{puckette1996,
    Author = {Miller Puckette},
    Booktitle = {{Proceedings of the Second Intercollege Computer Music Concerts}},
    Title = {{Pure Data: Another Integrated Computer Music Environment}},
    Year = {1996}}

@inproceedings{maccallum2011,
	title = { Composability for Musical Gesture Signal Processing using new OSC-based Object and Functional Programming Extensions to Max/MSP },
	author = { Freed, Adrian and Maccallum, John and Schmeder, Andy },
	year = { 2011 },
	booktitle = { Proceedings of The International Conference on New Interfaces for Musical Expression }}

@inproceedings{coduys2003,
	title = {Aesthetical/Symbolic visualisations for hypermedia composition},
	author = {Coduys, Thierry and Ferry, Guillaume},
	booktitle = {Proceedings of the Sound and Music Computing Conference},
	year = {2004}
}

@inproceedings{assayag2008,
	title = { Iscore : A system for writing interaction },
	author = { Allombert, Antoine and Desainte-Catherine, Myriam and Assayag, Gérard },
	booktitle = {Proceedings of the 3rd International Conference on Digital Interactive Media in Entertainment and Arts},
	year = { 2008 }
}

@inproceedings{fober2012,
	title = {INScore An Environment for the Design of Live Music Scores},	
	author = {Fober, Dominique and Orlarey, Yann and Letz, Stephane},
	booktitle = {Proceedings of the Linux Audio Conference},
	year = {2012},
}

@inproceedings{bresson2017,
  	TITLE = {{Next-generation Computer-aided Composition Environment: A New Implementation of OpenMusic}},
  	AUTHOR = {Bresson, Jean and Bouche, Dimitri and Carpentier, Thibaut and Schwarz, Diemo and Garcia, J{\'e}r{\'e}mie},
  	BOOKTITLE = {{Proceedings of the International Computer Music Conference (ICMC'17)}},
  	YEAR = {2017},
}

@inproceedings{hoos1998,
	title = {The GUIDO Music Notation Format},
	subtitle = {A Novel Approach for Adequately Representing Score-level Music},
	author = {Holger H. Hoos and Keith A. Hamel and Kai Renz and Jürgen Kilian},
	booktitle = {Proceedings of the International Computer Music Conference (ICMC'98)},
	year = {1998}
}

@inproceedings{couprie2008,
	title = {iAnalyse : un logiciel d'aide à l'analyse musicale},
	author = {Pierre Couprie},
	booktitle = {Acte des Journées d'Informatique Musicale},
	year = {2008}
}

@inproceedings{delahogue2016,
  TITLE = {{Pr{\'e}sentation d'un formalisme graphique pour l'{\'e}criture de sc{\'e}narios interactifs}},
  AUTHOR = {De la Hogue, Th{\'e}o and Celerier, Jean-Micha{\"e}l and Baltazar, Pascal},
  BOOKTITLE = {Acte des Journ{\'e}es d'Informatique Musicale},
  YEAR = {2016}
}

@inproceedings{solomon2011,
	title = { The horizontal spacing of graphical notation},
	author = {Mike Solomon},
	booktitle = {Proceedings of the International Computer Music Conference (ICMC'11)},
	year = {2011}
}

@inproceedings{favreau1986,
  title = { Software developments for the 4X real-time system },
  author = { Favreau, Emmanuel },
  booktitle = { Proceedings of the International Computer Music Conference (ICMC'86)},
  year = { 1986 }
}

@inproceedings{laurson1989,
    Author = {Mikael Laurson and Jacques Duthen},
    Booktitle = {{Proceedings of the International Computer Music Conference (ICMC'89)}},
    Title = {{Patchwork, a Graphic Language in PreForm}},
    Year = {1989}}

@inproceedings{laurson2002,
    Author = {Mikael Laurson and Mika Kuuskankare},
    Booktitle = {{Proceedings of the International Computer Music Conference (ICMC'02)}},
    Title = {{PWGL: A Novel Visual Language Based on Common Lisp, CLOS, and OpenGL}},
    Year = {2002}}

@report{midi1996,
	title = {The complete MIDI 1.0 detailed specification},
	author = {The MIDI Manufacturers Association},
	year = {1996}
}

@report{international1983,
  	title = { MIDI musical instrument digital interface specification 1.0 },
  	author = { International MIDI Association and others },
  	year = { 1983 }
}

@phdthesis{agon1998,
	title = {OpenMusic : Un langage visuel pour la composition musicale assistée par ordinateur},
	author = {Agon, Carlos},
	year = {1998},
	institution = {Université Pierre et Marie Curie (Paris 6)}
}